<?xml version="1.0"?>
<marc:records xmlns:marc="http://www.loc.gov/MARC21/slim" xmlns:xsi="http://www.w3.org/2001/XMLSchema-instance" xsi:schemaLocation="http://www.loc.gov/MARC21/slim http://www.loc.gov/standards/marcxml/schema/MARC21slim.xsd">
  <marc:record>
    <marc:leader>02395ntm a2200265 a 4500</marc:leader>
    <marc:controlfield tag="001">9973870883503681</marc:controlfield>
    <marc:controlfield tag="005">20200622235931.0</marc:controlfield>
    <marc:controlfield tag="008">170111q16501699fr aj         000 0 fre d</marc:controlfield>
    <marc:datafield ind1=" " ind2=" " tag="035">
  <marc:subfield code="a">(OCoLC)on1159207482</marc:subfield>
</marc:datafield>
    <marc:datafield ind1=" " ind2=" " tag="035">
  <marc:subfield code="a">(OCoLC)1159207482</marc:subfield>
</marc:datafield>
    <marc:datafield ind1=" " ind2=" " tag="035">
  <marc:subfield code="a">(PU)7387088-penndb-Voyager</marc:subfield>
</marc:datafield>
    <marc:datafield ind1=" " ind2=" " tag="040">
  <marc:subfield code="a">PAU</marc:subfield>
  <marc:subfield code="b">eng</marc:subfield>
  <marc:subfield code="c">PAU</marc:subfield>
</marc:datafield>
    <marc:datafield ind1=" " ind2="9" tag="099">
  <marc:subfield code="a">Ms. Oversize 46</marc:subfield>
</marc:datafield>
    <marc:datafield ind1="0" ind2="0" tag="245">
  <marc:subfield code="a">Fran&#xE7;ois Pinguet de Suzemont genealogical table,</marc:subfield>
  <marc:subfield code="f">between 1650 and 1699.</marc:subfield>
</marc:datafield>
    <marc:datafield ind1=" " ind2=" " tag="300">
  <marc:subfield code="a">1</marc:subfield>
  <marc:subfield code="f">item (1 leaf) :</marc:subfield>
  <marc:subfield code="b">parchment ;</marc:subfield>
  <marc:subfield code="c">410 x 540 mm.</marc:subfield>
</marc:datafield>
    <marc:datafield ind1=" " ind2=" " tag="520">
  <marc:subfield code="a">Engraved form for recording names of four generations of direct ancestors of an individual, with 16 shields across the top for the coats of arms of the great-great-grandparents' families, foliate links between the generations, three blank cartouches at the bottom and a blank scroll across the top.  The engraving is signed D. Mathaeus Husson L'escossoys (Matthaeus Husson L'Escossois).  This copy of the form has the names filled in for the 15th- and 16th-century ancestors of Fran&#xE7;ois Pinguet de Suzemont, chevalier-seigneur de Suzemont and baron de Fontoy, generally from aristocratic families in the Lorraine region.  Many of the men served in the Parlement de Metz, including Fran&#xE7;ois Pinguet de Suzemont, beginning in 1672, so perhaps he was born in the 1650s and this form filled out some time in the second half of the 17th century.  The coats of arms at the top have been painted to represent the Pinguet, La Ruelle, Mercklin, Haut de Sancy, Raulet, Beuvin, Martin, Bigin, de Mageron, Le Foulon, Serinchamps, Vivry, Fran&#xE7;ois, de Betainvillers, Clement, and Lescuyer families, and the foliate ornamentation has been colored with an ink wash.  On the verso are a filing title (Arbre de ligne de la maison de Pinguet) in ink and "No. 16a" in red ink, added later.  Formerly folded in quarters with sharp folds remaining.</marc:subfield>
</marc:datafield>
    <marc:datafield ind1=" " ind2=" " tag="546">
  <marc:subfield code="a">In French.</marc:subfield>
</marc:datafield>
    <marc:datafield ind1="1" ind2=" " tag="561">
  <marc:subfield code="a">Sold by Jean Ren&#xE9; Ormieres (Chatou, France), 2017.</marc:subfield>
</marc:datafield>
    <marc:datafield ind1=" " ind2="0" tag="650">
  <marc:subfield code="a">Nobility</marc:subfield>
  <marc:subfield code="z">France</marc:subfield>
  <marc:subfield code="z">Lorraine</marc:subfield>
  <marc:subfield code="v">Genealogy.</marc:subfield>
</marc:datafield>
    <marc:datafield ind1=" " ind2="0" tag="650">
  <marc:subfield code="a">Heraldry</marc:subfield>
  <marc:subfield code="z">France</marc:subfield>
  <marc:subfield code="v">Early works to 1800.</marc:subfield>
</marc:datafield>
    <marc:datafield ind1=" " ind2="0" tag="651">
  <marc:subfield code="a">Lorraine (France)</marc:subfield>
  <marc:subfield code="x">History</marc:subfield>
  <marc:subfield code="v">Sources.</marc:subfield>
</marc:datafield>
    <marc:datafield ind1=" " ind2="7" tag="655">
  <marc:subfield code="a">Genealogical tables.</marc:subfield>
  <marc:subfield code="2">aat</marc:subfield>
</marc:datafield>
    <marc:datafield ind1=" " ind2="7" tag="655">
  <marc:subfield code="a">Manuscripts, French</marc:subfield>
  <marc:subfield code="y">17th century.</marc:subfield>
  <marc:subfield code="2">local</marc:subfield>
</marc:datafield>
    <marc:datafield ind1=" " ind2="0" tag="655">
  <marc:subfield code="a">Manuscripts, European.</marc:subfield>
</marc:datafield>
    <marc:datafield ind1=" " ind2=" " tag="852">
  <marc:subfield code="b">Kislak Center for Special Collections, Rare Books and Manuscripts</marc:subfield>
  <marc:subfield code="a">University of Pennsylvania</marc:subfield>
  <marc:subfield code="e">3420 Walnut Street, Philadelphia, Pennsylvania 19104-6206.</marc:subfield>
  <marc:subfield code="j">Ms. Oversize 46</marc:subfield>
</marc:datafield>
    <marc:holdings>
      <marc:holding>
        <marc:holding_id>22267344260003681</marc:holding_id>
        <marc:call_number>Ms. Oversize 46</marc:call_number>
        <marc:library>KislakCntr</marc:library>
        <marc:location>scmss</marc:location>
      </marc:holding>
    </marc:holdings>
  </marc:record>
</marc:records>
